%% Created using Papers on Sun, 20 Sep 2015.
%% http://papersapp.com/papers/

@article{Benjamini:1995p1395,
author = {Benjamini, Yoav and Hochberg, Yosef},
title = {{Controlling the false discovery rate: a practical and powerful approach to multiple testing}},
journal = {Journal Of The Royal Statistical Society Series B-Methodological},
year = {1995},
volume = {57},
number = {1},
pages = {289--300}
}

@article{Martin:2011va,
author = {Martin, Marcel},
title = {{Cutadapt removes adapter sequences from high-throughput sequencing reads}},
journal = {EMBnet.journal},
year = {2011},
volume = {17},
number = {1},
pages = {pp. 10--12},
month = feb
}

@article{Anonymous:2014cj,
author = {Liao, Yang and Smyth, Gordon K and Shi, Wei},
title = {{featureCounts: an efficient general purpose program for assigning sequence reads to genomic features.}},
journal = {Bioinformatics (Oxford, England)},
year = {2014},
volume = {30},
number = {7},
pages = {923--930},
month = apr
}

@article{Trapnell:2012kp,
author = {Trapnell, Cole and Roberts, Adam and Goff, Loyal and Pertea, Geo and Kim, Daehwan and Kelley, David R and Pimentel, Harold and Salzberg, Steven L and Rinn, John L and Pachter, Lior},
title = {{Differential gene and transcript expression analysis of RNA-seq experiments with TopHat and Cufflinks.}},
journal = {Nature Protocols},
year = {2012},
volume = {7},
number = {3},
pages = {562--578},
month = mar
}

@article{Trapnell:2010kd,
author = {Trapnell, Cole and Williams, Brian A and Pertea, Geo and Mortazavi, Ali and Kwan, Gordon and van Baren, Marijke J and Salzberg, Steven L and Wold, Barbara J and Pachter, Lior},
title = {{Transcript assembly and quantification by RNA-Seq reveals unannotated transcripts and isoform switching during cell differentiation.}},
journal = {Nature biotechnology},
year = {2010},
volume = {28},
number = {5},
pages = {511--515},
month = may
}

@article{Dobin:2013fg,
author = {Dobin, Alexander and Davis, Carrie A and Schlesinger, Felix and Drenkow, Jorg and Zaleski, Chris and Jha, Sonali and Batut, Philippe and Chaisson, Mark and Gingeras, Thomas R},
title = {{STAR: ultrafast universal RNA-seq aligner.}},
journal = {Bioinformatics (Oxford, England)},
year = {2013},
volume = {29},
number = {1},
pages = {15--21},
month = jan
}

@article{Macmanes:2014ha,
author = {Macmanes, Matthew D},
title = {{On the optimal trimming of high-throughput mRNA sequence data.}},
journal = {Frontiers in genetics},
year = {2014},
volume = {5},
pages = {13}
}

@article{DeLuca:2012dp,
author = {DeLuca, David S and Levin, Joshua Z and Sivachenko, Andrey and Fennell, Timothy and Nazaire, Marc-Danie and Williams, Chris and Reich, Michael and Winckler, Wendy and Getz, Gad},
title = {{RNA-SeQC: RNA-seq metrics for quality control and process optimization.}},
journal = {Bioinformatics (Oxford, England)},
year = {2012},
volume = {28},
number = {11},
pages = {1530--1532},
month = jun
}

@article{Wang:2013bj,
author = {Wang, Liguo and Park, Hyun Jung and Dasari, Surendra and Wang, Shengqin and Kocher, Jean-Pierre and Li, Wei},
title = {{CPAT: Coding-Potential Assessment Tool using an alignment-free logistic regression model.}},
journal = {Nucleic Acids Research},
year = {2013},
volume = {41},
number = {6},
pages = {e74--e74},
month = apr
}

@article{Ramaswami:2014hx,
author = {Ramaswami, Gokul and Li, Jin Billy},
title = {{RADAR: a rigorously annotated database of A-to-I RNA editing.}},
journal = {Nucleic Acids Research},
year = {2014},
volume = {42},
number = {Database issue},
pages = {D109--13},
month = jan
}

@article{Roberts:2013up,
author = {Roberts, Adam and Pachter, Lior},
title = {{Streaming fragment assignment for real-time analysis of sequencing experiments}},
journal = {Nature Methods},
year = {2013},
volume = {10},
number = {1},
pages = {71--73},
month = jan
}

@article{Leng:2013bk,
author = {Leng, Ning and Dawson, John A and Thomson, James A and Ruotti, Victor and Rissman, Anna I and Smits, Bart M G and Haag, Jill D and Gould, Michael N and Stewart, Ron M and Kendziorski, Christina},
title = {{EBSeq: an empirical Bayes hierarchical model for inference in RNA-seq experiments.}},
journal = {Bioinformatics (Oxford, England)},
year = {2013},
volume = {29},
number = {8},
pages = {1035--1043},
month = apr
}

@article{Love:2014vr,
author = {Love, M I and Huber, W and Anders, S},
title = {{Moderated estimation of fold change and dispersion for RNA-Seq data with DESeq2}},
journal = {Genome Biology},
year = {2014}
}

@article{Liao:2014cj,
author = {Liao, Yang and Smyth, Gordon K and Shi, Wei},
title = {{featureCounts: an efficient general purpose program for assigning sequence reads to genomic features.}},
journal = {Bioinformatics (Oxford, England)},
year = {2014},
volume = {30},
number = {7},
pages = {923--930},
month = apr
}

